@book{rud76,
    author      = {Rudin, Walter},
    title       = {Principles of mathematical analysis},
    edition     = {3},
    series      = {International series in pure and applied mathematics},
    location    = {New York},
    publisher   = {McGraw-Hill},
    year        = {1976},
    isbn        = {9780070542358},
    langid      = {english},
}
