@book{rud76,
    author      = {Rudin, Walter},
    title       = {Principles of mathematical analysis},
    edition     = {3},
    series      = {International series in pure and applied mathematics},
    location    = {New York},
    publisher   = {McGraw-Hill},
    year        = {1976},
    isbn        = {9780070542358},
    langid      = {american},
}

@book{zor24a,
    author      = {Зорич, В. А.},
    title       = {Математический анализ},
    edition     = {13},
    volume      = {I},
    location    = {Москва},
    publisher   = {МЦНМО},
    year        = {2024},
    isbn        = {9785443946412},
    langid      = {russian},
}

@book{zor24b,
    author      = {Зорич, В. А.},
    title       = {Математический анализ},
    edition     = {13},
    volume      = {II},
    location    = {Москва},
    publisher   = {МЦНМО},
    year        = {2024},
    isbn        = {9785443946429},
    langid      = {russian},
}
